%Introduction
@article{transport_competitiveness,
author = {Yasar, Mehmet},
year = {2017},
month = {04},
pages = {9-19},
title = {ANALYSIS OF THE COMPETITION BETWEEN TRANSPORTATION MODES FROM THE PERSPECTIVE OF COMPETITIVE DYNAMICS: A STUDY ON ANKARA-ISTANBUL TRANSPORTATION LINE},
volume = {17},
journal = {Transport \& Logistics}
}
