@ARTICLE{05_sylvester_construction,
    author  = "J. Sylvester, LX.",
    title   = "Thoughts on inverse orthogonal matrices, simultaneous sign successions, and tessellated pavements in two or more colours, with applications to Newton’s rule, ornamental tile-work, and the theory of numbers.",
    journal = "The London, Edinburgh, and Dublin Philosophical Magazine and Journal of Science",
    year    = "1867",
    volume  = "34",
    number  = "232",
    pages   = "461–475 pp.",
    URL = {https://books.google.pl/books?id=i1EEAAAAYAAJ&pg=PA461&lpg=PA461&dq=Thoughts+on+inverse+orthogonal+matrices,+simultaneous+sign+successions,+and+tessellated+pavements+in+two+or+more+colours,+with+applications+to+Newton%E2%80%99s+rule,+ornamental+tile-work,+and+the+theory+of+numbers&source=bl&ots=BGDMCp2jtl&sig=ACfU3U232jljI8axM5OinTWvmgoijJWxmA&hl=pl&sa=X&ved=2ahUKEwiB9NXtqr2EAxUPYPEDHT7SC5EQ6AF6BAgeEAM#v=onepage&q=Thoughts%20on%20inverse%20orthogonal%20matrices%2C%20simultaneous%20sign%20successions%2C%20and%20tessellated%20pavements%20in%20two%20or%20more%20colours%2C%20with%20applications%20to%20Newton%E2%80%99s%20rule%2C%20ornamental%20tile-work%2C%20and%20the%20theory%20of%20numbers&f=false}
}

@article{05_hedayat_wallis_hadamard_matrices,
author = {A. Hedayat and W. D. Wallis},
title = {{Hadamard Matrices and Their Applications}},
volume = {6},
journal = {The Annals of Statistics},
number = {6},
publisher = {Institute of Mathematical Statistics},
pages = {1184 -- 1238},
keywords = {05-02, 62-02, block design, error correcting code, Fractional factorial design, Hadamard matrix, optimal design, orthogonal array, Youden design},
year = {1978},
doi = {10.1214/aos/1176344370},
URL = {https://doi.org/10.1214/aos/1176344370}
}

@ARTICLE{05_hadamard_maximal_determinant,
    author  = "Hadamard, J.",
    title   = "Résolution d'une question relative aux déterminants",
    journal = "Bulletin des Sciences Mathématiques",
    year    = "1893",
    volume  = "17",
    pages   = "240–246"
}

@ONLINE {FastWalshTransform,
    author = "Tilman Piesk",
    title  = "Fast Walsh–Hadamard transform of Boolean function 1010 0110",
    year   = "2011",
    url    = "https://commons.wikimedia.org/wiki/File:1010_0110_Walsh_spectrum_(fast_WHT).svg#file"
}

@article{05_lancaster_maximal_set_of_pairwise_independent_variables,
author = {H. O. Lancaster},
title = {{Pairwise Statistical Independence}},
volume = {36},
journal = {The Annals of Mathematical Statistics},
number = {4},
publisher = {Institute of Mathematical Statistics},
pages = {1313 -- 1317},
year = {1965},
doi = {10.1214/aoms/1177700007},
URL = {https://doi.org/10.1214/aoms/1177700007}
}

@book{coding_types_irvine,
  title={Data Communications and Networks: An Engineering Approach},
  author={Irvine, J. and Harle, D.},
  isbn={9780471808725},
  lccn={2001046766},
  url={https://books.google.pl/books?id=ZigejECe4r0C},
  year={2001},
  publisher={Wiley}
}

@ARTICLE{05_plotkin_binary_codes_with_specified_minimum_distance,
  author={Plotkin, M.},
  journal={IRE Transactions on Information Theory}, 
  title={Binary codes with specified minimum distance}, 
  year={1960},
  volume={6},
  number={4},
  pages={445-450},
  keywords={Binary codes;Error correction codes;Upper bound;Redundancy;Error correction;Technological innovation;Equations;Information theory},
  doi={10.1109/TIT.1960.1057584}}
